<record><leader>00000cas a22000007a 4500</leader><controlfield tag="001">10579870</controlfield><controlfield tag="008">840330d18uu1uuunbuwr ne      0    0eng d</controlfield><datafield ind1=" " ind2=" " tag="010"><subfield code="a">sn 84022812 </subfield></datafield><datafield ind1=" " ind2=" " tag="040"><subfield code="a">NPX</subfield><subfield code="b">eng</subfield><subfield code="c">NPX</subfield><subfield code="d">OCLCQ</subfield></datafield><datafield ind1=" " ind2=" " tag="042"><subfield code="a">msc</subfield></datafield><datafield ind1=" " ind2=" " tag="043"><subfield code="a">n-us-nb</subfield></datafield><datafield ind1="0" ind2="0" tag="245"><subfield code="a">Weekly Nebraska press.</subfield></datafield><datafield ind1=" " ind2=" " tag="260"><subfield code="a">Nebraska City, Neb. :</subfield><subfield code="b">W.A. Brown</subfield></datafield><datafield ind1=" " ind2=" " tag="300"><subfield code="a">v.</subfield></datafield><datafield ind1=" " ind2=" " tag="310"><subfield code="a">Weekly</subfield></datafield><datafield ind1=" " ind2=" " tag="500"><subfield code="a">Editor: W.A. Brown, &lt;1876&gt;.</subfield></datafield><datafield ind1=" " ind2=" " tag="500"><subfield code="a">"Republican."</subfield></datafield><datafield ind1=" " ind2=" " tag="588"><subfield code="a">Description based on: July 15, 1876.</subfield></datafield><datafield ind1="1" ind2=" " tag="700"><subfield code="a">Brown, William A.</subfield></datafield><datafield ind1=" " ind2=" " tag="752"><subfield code="a">United States</subfield><subfield code="b">Nebraska</subfield><subfield code="c">Otoe</subfield><subfield code="d">Nebraska City.</subfield></datafield><datafield ind1="0" ind2=" " tag="775"><subfield code="t">Daily Nebraska press</subfield><subfield code="w">(DLC)sn 84020242</subfield></datafield><datafield ind1="1" ind2=" " tag="029"><subfield code="a">AU@</subfield><subfield code="b">000025818229</subfield></datafield></record>